<?xml version="1.0" encoding="UTF-8"?><record xmlns="http://www.loc.gov/MARC21/slim" xmlns:cinclude="http://apache.org/cocoon/include/1.0" xmlns:zs="http://www.loc.gov/zing/srw/">
  <leader>00754cz  a2200181n  4500</leader>
  <controlfield tag="001">n 2012188794</controlfield>
  <controlfield tag="003">DLC</controlfield>
  <controlfield tag="005">20161214073810.0</controlfield>
  <controlfield tag="008">121010n| azannaabn          |a aaa      </controlfield>
  <datafield tag="010" ind1=" " ind2=" ">
    <subfield code="a">n 2012188794</subfield>
  </datafield>
  <datafield tag="035" ind1=" " ind2=" ">
    <subfield code="a">(OCoLC)oca09321937</subfield>
  </datafield>
  <datafield tag="040" ind1=" " ind2=" ">
    <subfield code="a">DNLM</subfield>
    <subfield code="b">eng</subfield>
    <subfield code="e">rda</subfield>
    <subfield code="c">DNLM</subfield>
    <subfield code="d">DNLM</subfield>
  </datafield>
  <datafield tag="046" ind1=" " ind2=" ">
    <subfield code="f">1827-03-05</subfield>
    <subfield code="g">1897-12-27</subfield>
    <subfield code="2">edtf</subfield>
  </datafield>
  <datafield tag="100" ind1="1" ind2=" ">
    <subfield code="a">Wilson, H. P. C.</subfield>
    <subfield code="q">(Henry Parke Custis),</subfield>
    <subfield code="d">1827-1897</subfield>
  </datafield>
  <datafield tag="378" ind1=" " ind2=" ">
    <subfield code="q">Henry Parke Custis</subfield>
  </datafield>
  <datafield tag="400" ind1="1" ind2=" ">
    <subfield code="a">Wilson, Henry Parke Custis,</subfield>
    <subfield code="d">1827-1897</subfield>
  </datafield>
  <datafield tag="670" ind1=" " ind2=" ">
    <subfield code="a">A fatty tumor, with some remarkable points in the case, 1877?:</subfield>
    <subfield code="b">t.p. (H.P.C. Wilson, M.D.; surgeon in charge of the Woman's Department of the Union Protestant Infirmary, Baltimore)</subfield>
  </datafield>
  <datafield tag="670" ind1=" " ind2=" ">
    <subfield code="a">WBIS, Oct. 3, 2012</subfield>
    <subfield code="b">(Henry Parke Custis Wilson; b. Mar. 5, 1827, d. Dec. 27, 1897)</subfield>
  </datafield>
</record>